@string{cse	= "Computing in Science \& Engineering"}
@string{secse2011 = "Fourth International Workshop on Software Engineering for Computational Science and Engineering (SECSE11)"}

@article{heaton2015,
	title = {Claims about the use of software engineering practices in science: {A} systematic literature review},
	volume = {67},
	issn = {0950-5849},
	shorttitle = {Claims about the use of software engineering practices in science},
	url = {http://www.sciencedirect.com/science/article/pii/S0950584915001342},
	doi = {10.1016/j.infsof.2015.07.011},
	urldate = {2015-09-17},
	journal = {Information and Software Technology},
	author = {Heaton, Dustin and Carver, Jeffrey C.},
	month = nov,
	year = {2015},
	keywords = {computational science, scientific software, Systematic literature review},
	pages = {207--219}
}

@inproceedings{segal2008a,
	author = {J. Segal},
	title = "{Scientists and Software Engineers: A Tale of Two Cultures}",
	booktitle = {Proceedings of the Psychology of Programming Interest Group},
	year = {2008},
	url = {http://www.ppig.org/papers/20th-segal.pdf}
}

@article{wilson2014,
	title = {Best {Practices} for {Scientific} {Computing}},
	volume = {12},
	url = {http://dx.doi.org/10.1371/journal.pbio.1001745},
	doi = {10.1371/journal.pbio.1001745},
	number = {1},
	urldate = {2015-07-05},
	journal = {PLoS Biol},
	author = {Wilson, Greg and Aruliah, D. A. and Brown, C. Titus and Chue Hong, Neil P. and Davis, Matt and Guy, Richard T. and Haddock, Steven H. D. and Huff, Kathryn D. and Mitchell, Ian M. and Plumbley, Mark D. and Waugh, Ben and White, Ethan P. and Wilson, Paul},
	month = jan,
	year = {2014},
	pages = {e1001745}
}

@article{vardi2010,
	title = {Science has only two legs},
	volume = {53},
	issn = {00010782},
	url = {http://portal.acm.org/citation.cfm?doid=1810891.1810892},
	doi = {10.1145/1810891.1810892},
	language = {en},
	number = {9},
	urldate = {2015-09-02},
	journal = {Communications of the ACM},
	author = {Vardi, Moshe Y.},
	year = {2010},
	pages = {5--5},
}


@article{cleveland2014,
	title = {Data science: {An} action plan for expanding the technical areas of the field of statistics},
	volume = {7},
	issn = {1932-1872},
	url = {http://onlinelibrary.wiley.com/doi/10.1002/sam.11239/abstract},
	doi = {10.1002/sam.11239},
	language = {en},
	number = {6},
	urldate = {2015-09-02},
	journal = {Statistical Analysis and Data Mining},
	author = {Cleveland, William S.},
	year = {2014},
	pages = {414--417},
}

@misc{pitac2005,
	author = {PITAC},
	title = {Computational Science: Ensuring America's Competitiveness},
	year = {2005},
	url = {https://www.nitrd.gov/pitac/reports/20050609_computational/computational.pdf},
	note = {Acesso em: 20 ago. 2015}	
}

@inproceedings{sletholt2011,
	author = {M. T. Sletholt and J. Hannay and D. Pfahl and H. C. Benestad and H. P. Langtangen},
	title = {A Literature Review of Agile Practices and Their Effects in Scientific Software Development},
	booktitle = secse2011,
	year = {2011},
	pages = {1-9},
	doi = {10.1145/1985782.1985784}
}

@article{sletholt2012,
	author = {M. T. Sletholt and J. E. Hannay and D. Pfahl and H. P. Langtangen},
	title = {What Do We Know about Scientific Software Development's Agile Practices?},
	journal = cse,
	volume = {14},
	number = {2},
	year = {2012},
	month = {March-April},
	pages = {24-37},
	doi = {10.1109/MCSE.2011.113}
}

@inproceedings{mugridge2003,
	author = {R. Mugridge},
	title = "{Test Driven Development and the Scientific Method}",
	booktitle = {Proceedings of the Agile Development Conference 2003},
	pages = {47-52},
	year = {2003}
}

@online{gentzkow2014,
	author = {Matthew Gentzkow and Jesse M. Shapiro},
	title = {Code and Data for the Social Sciences: A Practitioner's Guide},
	month = {January},
	year = {2014},
	url = {http://faculty.chicagobooth.edu/matthew.gentzkow/research/CodeAndData.pdf},
}